@article{curry1989geographic,
  title={Geographic variation in social organization of Gal{\'a}pagos mockingbirds: ecological correlates of group territoriality and cooperative breeding},
  author={Curry, Robert L},
  journal={Behavioral Ecology and Sociobiology},
  volume={25},
  number={2},
  pages={147--160},
  year={1989},
  publisher={Springer}
}

@article{moore1978interspecific,
  title={Interspecific aggression: toward whom should a mockingbird be aggressive?},
  author={Moore, Frank R},
  journal={Behavioral Ecology and Sociobiology},
  volume={3},
  number={2},
  pages={173--176},
  year={1978},
  publisher={Springer}
}
